<?xml version="1.0" encoding="UTF-8"?><collection xmlns="http://www.loc.gov/MARC21/slim"><record><leader>00556nam--2200193-i-4500</leader><controlfield tag="001">000018271</controlfield><controlfield tag="002">20161230</controlfield><controlfield tag="005">20161230201032</controlfield><controlfield tag="008">060222s1000------------r-----000-0-eng-d</controlfield><datafield ind1=" " ind2=" " tag="040"><subfield code="a">IFIN-HH</subfield></datafield><datafield ind1=" " ind2=" " tag="080"><subfield code="a">519.2:519.21</subfield></datafield><datafield ind1=" " ind2="1" tag="100"><subfield code="a">Feller, W</subfield></datafield><datafield ind1="1" ind2="0" tag="245"><subfield code="a">An introduction to probability theory and its applications</subfield><subfield code="c">william feller</subfield></datafield><datafield ind1=" " ind2=" " tag="250"><subfield code="a">second edition</subfield></datafield><datafield ind1=" " ind2=" " tag="260"><subfield code="a">New York, John Wiley, 1958. Xv + 461 P</subfield></datafield><datafield ind1=" " ind2=" " tag="490"><subfield code="a">A Wiley Publication In Mathematical Statistic</subfield></datafield><datafield ind1=" " ind2=" " tag="787"><subfield code="a">vol.1</subfield></datafield><datafield ind1=" " ind2=" " tag="852"><subfield code="a">13727</subfield><subfield code="c">519.2</subfield></datafield><datafield ind1=" " ind2=" " tag="CAT"><subfield code="a">Sys</subfield><subfield code="c">20100517</subfield><subfield code="h">141933</subfield></datafield></record></collection>